@book{dumas2018fundamentals,
  title={Fundamentals of business process management},
  author={Dumas, Marlon and La Rosa, Marcello and Mendling, Jan and Reijers, Hajo A and others},
  volume={2},
  year={2018},
  publisher={Springer}
}

@article{georgeff1986procedural,
  title={Procedural knowledge},
  author={Georgeff, Michael P and Lansky, Amy L},
  journal={Proceedings of the IEEE},
  volume={74},
  number={10},
  pages={1383--1398},
  year={1986},
  publisher={IEEE}
}
@inproceedings{tandon-etal-2020-dataset,
    title = "A Dataset for Tracking Entities in Open Domain Procedural Text",
    author = "Tandon, Niket  and
      Sakaguchi, Keisuke  and
      Dalvi, Bhavana  and
      Rajagopal, Dheeraj  and
      Clark, Peter  and
      Guerquin, Michal  and
      Richardson, Kyle  and
      Hovy, Eduard",
    booktitle = "Proceedings of the 2020 Conference on Empirical Methods in Natural Language Processing (EMNLP)",
    month = nov,
    year = "2020",
    address = "Online",
    publisher = "Association for Computational Linguistics",
    url = "https://aclanthology.org/2020.emnlp-main.520",
    doi = "10.18653/v1/2020.emnlp-main.520",
    pages = "6408--6417",
}

@inproceedings{momouchi1980control,
  title={Control structures for actions in procedural texts and pt-chart},
  author={Momouchi, Yoshio},
  booktitle={COLING 1980 Volume 1: The 8th International Conference on Computational Linguistics},
  year={1980}
}

@inproceedings{miller1976natural,
  title={Natural language procedures: Guides for programming language design},
  author={Miller, LA},
  booktitle={International Ergonomics Association Meeting, University of Maryland},
  volume={1},
  pages={76},
  year={1976}
}

@article{wu2022learning,
  title={Learning Action Conditions from Instructional Manuals for Instruction Understanding},
  author={Wu, Te-Lin and Zhang, Caiqi and Hu, Qingyuan and Spangher, Alex and Peng, Nanyun},
  journal={arXiv preprint arXiv:2205.12420},
  year={2022}
}

@inproceedings{lyu2021goal,
  title={Goal-Oriented Script Construction},
  author={Lyu, Qing and Zhang, Li and Callison-Burch, Chris},
  booktitle={Proceedings of the 14th International Conference on Natural Language Generation},
  pages={184--200},
  year={2021}
}

@inproceedings{qasemi2022paco,
  title={PaCo: Preconditions Attributed to Commonsense Knowledge},
  author={Qasemi, Ehsan and Ilievski, Filip and Chen, Muhao and Szekely, Pedro},
  booktitle={Findings of the Association for Computational Linguistics: EMNLP 2022},
  pages={6781--6796},
  year={2022}
}

@article{brahman2023plasma,
  title={PlaSma: Making Small Language Models Better Procedural Knowledge Models for (Counterfactual) Planning},
  author={Brahman, Faeze and Bhagavatula, Chandra and Pyatkin, Valentina and Hwang, Jena D and Li, Xiang Lorraine and Arai, Hirona J and Sanyal, Soumya and Sakaguchi, Keisuke and Ren, Xiang and Choi, Yejin},
  journal={arXiv preprint arXiv:2305.19472},
  year={2023}
}

@misc{schank1977scripts,
  title={Scripts, plans, goals, and understanding: an inquiry into human knowledge structures},
  author={Schank, Roger C and Abelson, Robert P},
  year={1977},
  publisher={Hillsdale, NJ: Lawrence Erlbaum Associates}
}

@inproceedings{bien2020recipenlg,
  title={RecipeNLG: A cooking recipes dataset for semi-structured text generation},
  author={Bie{\'n}, Micha{\l} and Gilski, Micha{\l} and Maciejewska, Martyna and Taisner, Wojciech and Wisniewski, Dawid and Lawrynowicz, Agnieszka},
  booktitle={Proceedings of the 13th International Conference on Natural Language Generation},
  pages={22--28},
  year={2020}
}

@inproceedings{liang2023knowing,
  title={Knowing-how \& Knowing-that: A New Task for Machine Comprehension of User Manuals},
  author={Liang, Hongru and Liu, Jia and Du, Weihong and Jin, Dingnan and Lei, Wenqiang and Wen, Zujie and Lv, Jiancheng},
  booktitle={Findings of the Association for Computational Linguistics: ACL 2023},
  pages={10550--10564},
  year={2023}
}

@article{koupaee2018wikihow,
  title={Wikihow: A large scale text summarization dataset},
  author={Koupaee, Mahnaz and Wang, William Yang},
  journal={arXiv preprint arXiv:1810.09305},
  year={2018}
}

@inproceedings{zhang2020reasoning,
  title={Reasoning about Goals, Steps, and Temporal Ordering with WikiHow},
  author={Zhang, Li and Lyu, Qing and Callison-Burch, Chris},
  booktitle={Proceedings of the 2020 Conference on Empirical Methods in Natural Language Processing (EMNLP)},
  pages={4630--4639},
  year={2020}
}

@inproceedings{nandy2021question,
  title={Question Answering over Electronic Devices: A New Benchmark Dataset and a Multi-Task Learning based QA Framework},
  author={Nandy, Abhilash and Sharma, Soumya and Maddhashiya, Shubham and Sachdeva, Kapil and Goyal, Pawan and Ganguly, Niloy},
  booktitle={Findings of the Association for Computational Linguistics: EMNLP 2021},
  pages={4600--4609},
  year={2021}
}

@article{qin2023tool,
  title={Tool learning with foundation models},
  author={Qin, Yujia and Hu, Shengding and Lin, Yankai and Chen, Weize and Ding, Ning and Cui, Ganqu and Zeng, Zheni and Huang, Yufei and Xiao, Chaojun and Han, Chi and others},
  journal={arXiv preprint arXiv:2304.08354},
  year={2023}
}

@article{ruan2023tptu,
  title={TPTU: Task Planning and Tool Usage of Large Language Model-based AI Agents},
  author={Ruan, Jingqing and Chen, Yihong and Zhang, Bin and Xu, Zhiwei and Bao, Tianpeng and Du, Guoqing and Shi, Shiwei and Mao, Hangyu and Zeng, Xingyu and Zhao, Rui},
  journal={arXiv preprint arXiv:2308.03427},
  year={2023}
}

@inproceedings{kosseim1994content,
  title={Content and rhetorical status selection in instructional texts},
  author={Kosseim, Leila and Lapalme, Guy},
  booktitle={Proceedings of the Seventh International Workshop on Natural Language Generation},
  year={1994}
}

@inproceedings{branavan2009reinforcement,
  title={Reinforcement learning for mapping instructions to actions},
  author={Branavan, Satchuthananthavale RK and Chen, Harr and Zettlemoyer, Luke and Barzilay, Regina},
  booktitle={Proceedings of the Joint Conference of the 47th Annual Meeting of the ACL and the 4th International Joint Conference on Natural Language Processing of the AFNLP},
  pages={82--90},
  year={2009}
}

@article{addis2011unstructured,
  title={From unstructured web knowledge to plan descriptions},
  author={Addis, Andrea and Borrajo, Daniel},
  journal={Information Retrieval and Mining in Distributed Environments},
  pages={41--59},
  year={2011},
  publisher={Springer}
}

@article{schrodt1994statistical,
  title={The statistical characteristics of event data},
  author={Schrodt, Philip A},
  journal={International Interactions},
  volume={20},
  number={1-2},
  pages={35--53},
  year={1994},
  publisher={Taylor \& Francis}
}

@article{schrodt1990parallel,
  title={Parallel event sequences in international crises},
  author={Schrodt, Philip A},
  journal={Political Behavior},
  volume={12},
  pages={97--123},
  year={1990},
  publisher={Springer}
}

@article{van2004workflow,
  title={Workflow mining: Discovering process models from event logs},
  author={Van der Aalst, Wil and Weijters, Ton and Maruster, Laura},
  journal={IEEE transactions on knowledge and data engineering},
  volume={16},
  number={9},
  pages={1128--1142},
  year={2004},
  publisher={IEEE}
}

@inproceedings{agrawal1998mining,
  title={Mining process models from workflow logs},
  author={Agrawal, Rakesh and Gunopulos, Dimitrios and Leymann, Frank},
  booktitle={International Conference on Extending Database Technology},
  pages={467--483},
  year={1998},
  organization={Springer}
}

@inproceedings{van2012process,
  title={Process mining manifesto},
  author={Van Der Aalst, Wil and Adriansyah, Arya and De Medeiros, Ana Karla Alves and Arcieri, Franco and Baier, Thomas and Blickle, Tobias and Bose, Jagadeesh Chandra and Van Den Brand, Peter and Brandtjen, Ronald and Buijs, Joos and others},
  booktitle={Business Process Management Workshops: BPM 2011 International Workshops, Clermont-Ferrand, France, August 29, 2011, Revised Selected Papers, Part I 9},
  pages={169--194},
  year={2012},
  organization={Springer}
}

@article{bellan2023pet,
  title={PET: An Annotated Dataset for Process Extraction from Natural Language Text Tasks},
  author={Bellan, Patrizio and van der Aa, Han and Dragoni, Mauro and Ghidini, Chiara and Ponzetto, Simone Paolo},
  journal={LECTURE NOTES IN BUSINESS INFORMATION PROCESSING},
  volume={460},
  pages={315--321},
  year={2023},
  publisher={Springer}
}


@article{bellan2022leveraging,
  title={Leveraging pre-trained language models for conversational information seeking from text},
  author={Bellan, Patrizio and Dragoni, Mauro and Ghidini, Chiara},
  journal={arXiv e-prints},
  pages={arXiv--2204},
  year={2022}
}


@article{yuan2023distilling,
  title={Distilling Script Knowledge from Large Language Models for Constrained Language Planning},
  author={Yuan, Siyu and Chen, Jiangjie and Fu, Ziquan and Ge, Xuyang and Shah, Soham and Jankowski, Charles Robert and Yang, Deqing and Xiao, Yanghua},
  journal={arXiv preprint arXiv:2305.05252},
  year={2023}
}

@inproceedings{kwon2020modeling,
  title={Modeling Preconditions in Text with a Crowd-sourced Dataset},
  author={Kwon, Heeyoung and Koupaee, Mahnaz and Singh, Pratyush and Sawhney, Gargi and Shukla, Anmol and Kallur, Keerthi Kumar and Chambers, Nathanael and Balasubramanian, Niranjan},
  booktitle={Findings of the Association for Computational Linguistics: EMNLP 2020},
  pages={3818--3828},
  year={2020}
}

@inproceedings{sakaguchi2021proscript,
  title={proScript: Partially Ordered Scripts Generation},
  author={Sakaguchi, Keisuke and Bhagavatula, Chandra and Le Bras, Ronan and Tandon, Niket and Clark, Peter and Choi, Yejin},
  booktitle={Findings of the Association for Computational Linguistics: EMNLP 2021},
  pages={2138--2149},
  year={2021}
}

@inproceedings{zhang2012automatically,
  title={Automatically Extracting Procedural Knowledge from Instructional Texts using Natural Language Processing.},
  author={Zhang, Ziqi and Webster, Philip and Uren, Victoria S and Varga, Andrea and Ciravegna, Fabio},
  booktitle={LREC},
  volume={2012},
  number={520-527},
  pages={520--527},
  year={2012},
  organization={Citeseer}
}

@phdthesis{pareti2018representation,
  title={Representation and execution of human know-how on the Web},
  author={Pareti, Paolo},
  year={2018},
  school={University of Edinburgh}
}

@inproceedings{zhou2022show,
  title={Show Me More Details: Discovering Hierarchies of Procedures from Semi-structured Web Data},
  author={Zhou, Shuyan and Zhang, Li and Yang, Yue and Lyu, Qing and Yin, Pengcheng and Callison-Burch, Chris and Neubig, Graham},
  booktitle={Proceedings of the 60th Annual Meeting of the Association for Computational Linguistics (Volume 1: Long Papers)},
  pages={2998--3012},
  year={2022}
}

@inproceedings{kiddon2015mise,
  title={Mise en place: Unsupervised interpretation of instructional recipes},
  author={Kiddon, Chlo{\'e} and Ponnuraj, Ganesa Thandavam and Zettlemoyer, Luke and Choi, Yejin},
  booktitle={Proceedings of the 2015 Conference on Empirical Methods in Natural Language Processing},
  pages={982--992},
  year={2015}
}

@inproceedings{gupta2019effective,
  title={Effective Use of Transformer Networks for Entity Tracking},
  author={Gupta, Aditya and Durrett, Greg},
  booktitle={Proceedings of the 2019 Conference on Empirical Methods in Natural Language Processing and the 9th International Joint Conference on Natural Language Processing (EMNLP-IJCNLP)},
  pages={759--769},
  year={2019}
}

@article{li2023understand,
  title={Understand the Dynamic World: An End-to-End Knowledge Informed Framework for Open Domain Entity State Tracking},
  author={Li, Mingchen and Huang, Lifu},
  journal={arXiv preprint arXiv:2304.13854},
  year={2023}
}

@inproceedings{gupta2019tracking,
  title={Tracking Discrete and Continuous Entity State for Process Understanding},
  author={Gupta, Aditya and Durrett, Greg},
  booktitle={Proceedings of the Third Workshop on Structured Prediction for NLP},
  pages={7--12},
  year={2019}
}

@inproceedings{friedrich2011process,
  title={Process model generation from natural language text},
  author={Friedrich, Fabian and Mendling, Jan and Puhlmann, Frank},
  booktitle={Advanced Information Systems Engineering: 23rd International Conference, CAiSE 2011, London, UK, June 20-24, 2011. Proceedings 23},
  pages={482--496},
  year={2011},
  organization={Springer}
}

@article{sonbol2023machine,
  title={A Machine Translation Like Approach to Generate Business Process Model From Textual Description},
  author={Sonbol, Riad and Rebdawi, Ghaida and Ghneim, Nada},
  journal={SN Computer Science},
  volume={4},
  number={3},
  pages={291},
  year={2023},
  publisher={Springer}
}


@inproceedings{maqbool2019comprehensive,
  title={A comprehensive investigation of BPMN models generation from textual requirements—techniques, tools and trends},
  author={Maqbool, Bilal and Azam, Farooque and Anwar, Muhammad Waseem and Butt, Wasi Haider and Zeb, Jahan and Zafar, Iqra and Nazir, Aiman Khan and Umair, Zuneera},
  booktitle={Information Science and Applications 2018: ICISA 2018},
  pages={543--557},
  year={2019},
  organization={Springer}
}

@inproceedings{herbst1999inductive,
  title={An inductive approach to the acquisition and adaptation of workflow models},
  author={Herbst, Joachim and Karagiannis, D},
  booktitle={Proceedings of the IJCAI},
  volume={99},
  pages={52--57},
  year={1999},
  organization={Citeseer}
}


@inproceedings{honkisz2018concept,
  title={A concept for generating business process models from natural language description},
  author={Honkisz, Krzysztof and Kluza, Krzysztof and Wi{\'s}niewski, Piotr},
  booktitle={Knowledge Science, Engineering and Management: 11th International Conference, KSEM 2018, Changchun, China, August 17--19, 2018, Proceedings, Part I 11},
  pages={91--103},
  year={2018},
  organization={Springer}
}

@phdthesis{kretschmann2022design,
  title={Design and Implementation of a Framework for the Creation of BPMN 2.0 Process Models based on Textual Descriptions},
  author={Kretschmann, Kai},
  year={2022},
  school={Institute of Databases and Information Systems}
}

@article{sholiq2022generating,
  title={Generating BPMN diagram from textual requirements},
  author={Sholiq, Sholiq and Sarno, Riyanarto and Astuti, Endang Siti},
  journal={Journal of King Saud University-Computer and Information Sciences},
  volume={34},
  number={10},
  pages={10079--10093},
  year={2022},
  publisher={Elsevier}
}

@article{neuberger2023beyond,
  title={Beyond Rule-based Named Entity Recognition and Relation Extraction for Process Model Generation from Natural Language Text},
  author={Neuberger, Julian and Ackermann, Lars and Jablonski, Stefan},
  journal={arXiv preprint arXiv:2305.03960},
  year={2023}
}

@article{zhu2023business,
  title={Business Process Text Sketch Automation Generation Using Large Language Model},
  author={Zhu, Rui and Hu, Quanzhou and Li, Wenxin and Xiao, Honghao and Wang, Chaogang and Zhou, Zixin},
  journal={arXiv preprint arXiv:2309.01071},
  year={2023}
}

@inproceedings{Bellan2021ProcessEF,
  title={Process Extraction from Text: Benchmarking the State of the Art and Paving the Way for Future Challenges},
  author={Patrizio Bellan and Mauro Dragoni and Chiara Ghidini},
  year={2021},
  url={https://api.semanticscholar.org/CorpusID:238531683}
}

@inproceedings{gardent2017webnlg,
  title={The WebNLG challenge: Generating text from RDF data},
  author={Gardent, Claire and Shimorina, Anastasia and Narayan, Shashi and Perez-Beltrachini, Laura},
  booktitle={Proceedings of the 10th International Conference on Natural Language Generation},
  pages={124--133},
  year={2017}
}

@article{lin2023survey,
  title={A Survey on Neural Data-to-Text Generation},
  author={Lin, Yupian and Ruan, Tong and Liu, Jingping and Wang, Haofen},
  journal={IEEE Transactions on Knowledge and Data Engineering},
  year={2023},
  publisher={IEEE}
}

@inproceedings{qian2020approach,
  title={An approach for process model extraction by multi-grained text classification},
  author={Qian, Chen and Wen, Lijie and Kumar, Akhil and Lin, Leilei and Lin, Li and Zong, Zan and Li, Shu’ang and Wang, Jianmin},
  booktitle={Advanced Information Systems Engineering: 32nd International Conference, CAiSE 2020, Grenoble, France, June 8--12, 2020, Proceedings 32},
  pages={268--282},
  year={2020},
  organization={Springer}
}

@inproceedings{mendling2019natural,
  title={Natural Language Processing with Process Models (NLP4RE Report Paper).},
  author={Mendling, Jan and Leopold, Henrik and Thom, Lucineia Heloisa and van der Aa, Han},
  booktitle={REFSQ Workshops},
  year={2019}
}

@inproceedings{ackermann2021data,
  title={Data-driven annotation of textual process descriptions based on formal meaning representations},
  author={Ackermann, Lars and Neuberger, Julian and Jablonski, Stefan},
  booktitle={International Conference on Advanced Information Systems Engineering},
  pages={75--90},
  year={2021},
  organization={Springer}
}

@inproceedings{lopez2021declarative,
  title={Declarative process discovery: Linking process and textual views},
  author={L{\'o}pez, Hugo A and Str{\o}msted, Rasmus and Niyodusenga, Jean-Marie and Marquard, Morten},
  booktitle={International Conference on Advanced Information Systems Engineering},
  pages={109--117},
  year={2021},
  organization={Springer}
}

@inproceedings{duong2023learning,
  title={Learning from Multiple Sources for Data-to-Text and Text-to-Data},
  author={Duong, Song and Lumbreras, Alberto and Gartrell, Mike and Gallinari, Patrick},
  booktitle={International Conference on Artificial Intelligence and Statistics},
  pages={3733--3753},
  year={2023},
  organization={PMLR}
}

@inproceedings{ye2019variational,
  title={Variational Template Machine for Data-to-Text Generation},
  author={Ye, Rong and Shi, Wenxian and Zhou, Hao and Wei, Zhongyu and Li, Lei},
  booktitle={International Conference on Learning Representations},
  year={2019}
}

@inproceedings{moryossef2019step,
  title={Step-by-Step: Separating Planning from Realization in Neural Data-to-Text Generation},
  author={Moryossef, Amit and Goldberg, Yoav and Dagan, Ido},
  booktitle={Proceedings of NAACL-HLT},
  pages={2267--2277},
  year={2019}
}

@inproceedings{fu2020partially,
  title={Partially-Aligned Data-to-Text Generation with Distant Supervision},
  author={Fu, Zihao and Shi, Bei and Lam, Wai and Bing, Lidong and Liu, Zhiyuan},
  booktitle={Proceedings of the 2020 Conference on Empirical Methods in Natural Language Processing (EMNLP)},
  pages={9183--9193},
  year={2020}
}

@inproceedings{kasner2022neural,
  title={Neural Pipeline for Zero-Shot Data-to-Text Generation},
  author={Kasner, Zden{\v{e}}k and Du{\v{s}}ek, Ond{\v{r}}ej},
  booktitle={Proceedings of the 60th Annual Meeting of the Association for Computational Linguistics (Volume 1: Long Papers)},
  pages={3914--3932},
  year={2022}
}

@inproceedings{ferreira2019neural,
  title={Neural data-to-text generation: A comparison between pipeline and end-to-end architectures},
  author={Ferreira, Thiago Castro and van der Lee, Chris and Van Miltenburg, Emiel and Krahmer, Emiel},
  booktitle={Proceedings of the 2019 Conference on Empirical Methods in Natural Language Processing and the 9th International Joint Conference on Natural Language Processing (EMNLP-IJCNLP)},
  pages={552--562},
  year={2019}
}

@inproceedings{su2021few,
  title={Few-Shot Table-to-Text Generation with Prototype Memory},
  author={Su, Yixuan and Meng, Zaiqiao and Baker, Simon and Collier, Nigel},
  booktitle={Findings of the Association for Computational Linguistics: EMNLP 2021},
  pages={910--917},
  year={2021}
}

@article{goncalves2011let,
  title={Let me tell you a story-on how to build process models},
  author={Goncalves, Joao Carlos de AR and Santoro, Fl{\'a}via Maria and Bai{\~a}o, Fernanda Araujo},
  journal={Journal of Universal Computer Science},
  volume={17},
  number={2},
  pages={276--295},
  year={2011},
  publisher={GRAZ UNIV TECHNOLGOY, INST INFORMATION SYSTEMS COMPUTER MEDIA-IICM~…}
}

@inproceedings{viorica2015automatic,
  title={Automatic Process Model Discovery from Textual Methodologies: An Archaeology Case Study},
  author={Viorica Epure, Elena and Mart{\'\i}n-Rodilla, Patricia and Hug, Charlotte and Deneck{\`e}re, Rebecca and Salinesi, Camille},
  year={2015},
  organization={Institute of Electrical and Electronics Engineers}
}

@book{mendling2008metrics,
  title={Metrics for process models: empirical foundations of verification, error prediction, and guidelines for correctness},
  author={Mendling, Jan},
  volume={6},
  year={2008},
  publisher={Springer Science \& Business Media}
}

@inproceedings{nguyen2023vebpru,
  title={VeBPRu: A Toolchain for Formally Verifying Business Processes and Business Rules},
  author={Nguyen Thanh, Tuan and Le Thanh, Nhan and Hoang Thi Thanh, Ha and Ha Thi, Thao},
  booktitle={Proceedings of the 2023 8th International Conference on Intelligent Information Technology},
  pages={15--19},
  year={2023}
}

@book{dijkman2011business,
  title={Business Process Model and Notation},
  author={Dijkman, Remco and Hofstetter, Jorg and Koehler, Jana},
  volume={89},
  year={2011},
  publisher={Springer}
}

@article{kocbek2015business,
  title={Business process model and notation: The current state of affairs},
  author={Kocbek, Mateja and Jo{\v{s}}t, Gregor and Heri{\v{c}}ko, Marjan and Polan{\v{c}}i{\v{c}}, Gregor},
  journal={Computer Science and Information Systems},
  volume={12},
  number={2},
  pages={509--539},
  year={2015}
}

@article{lopes2023assessing,
  title={Assessing business process models: a literature review on techniques for BPMN testing and formal verification},
  author={Lopes, Tom{\'a}s and Guerreiro, S{\'e}rgio},
  journal={Business Process Management Journal},
  volume={29},
  number={8},
  pages={133--162},
  year={2023},
  publisher={Emerald Publishing Limited}
}

@article{corradini2018guidelines,
  title={A guidelines framework for understandable BPMN models},
  author={Corradini, Flavio and Ferrari, Alessio and Fornari, Fabrizio and Gnesi, Stefania and Polini, Andrea and Re, Barbara and Spagnolo, Giorgio O},
  journal={Data \& Knowledge Engineering},
  volume={113},
  pages={129--154},
  year={2018},
  publisher={Elsevier}
}

@inproceedings{narayan2017split,
  title={Split and Rephrase},
  author={Narayan, Shashi and Gardent, Claire and Cohen, Shay and Shimorina, Anastasia},
  booktitle={EMNLP 2017: Conference on Empirical Methods in Natural Language Processing},
  pages={617--627},
  year={2017}
}

@inproceedings{bin2023non,
  title={Non-Autoregressive Sentence Ordering},
  author={Bin, Yi and Shi, Wenhao and Ji, Bin and Zhang, Jipeng and Ding, Yujuan and Yang, Yang},
  booktitle={Findings of the Association for Computational Linguistics: EMNLP 2023},
  pages={4198--4214},
  year={2023}
}

@inproceedings{castelli2020techqa,
  title={The TechQA Dataset},
  author={Castelli, Vittorio and Chakravarti, Rishav and Dana, Saswati and Ferritto, Anthony and Florian, Radu and Franz, Martin and Garg, Dinesh and Khandelwal, Dinesh and McCarley, J Scott and McCawley, Michael and others},
  booktitle={Proceedings of the 58th Annual Meeting of the Association for Computational Linguistics},
  pages={1269--1278},
  year={2020}
}

@inproceedings{bolotova2023wikihowqa,
      title={WikiHowQA: A Comprehensive Benchmark for Multi-Document Non-Factoid Question Answering}, 
      author={Bolotova, Valeriia and Blinov, Vladislav and Filippova, Sofya and Scholer, Falk and Sanderson, Mark},
      booktitle="Proceedings of the 61th Conference of the Association for Computational Linguistics",
      year={2023}
}

@inproceedings{zhang-etal-2020-reasoning,
    title = "Reasoning about Goals, Steps, and Temporal Ordering with {W}iki{H}ow",
    author = "Zhang, Li  and
      Lyu, Qing  and
      Callison-Burch, Chris",
    booktitle = "Proceedings of the 2020 Conference on Empirical Methods in Natural Language Processing (EMNLP)",
    month = nov,
    year = "2020",
    address = "Online",
    publisher = "Association for Computational Linguistics",
    url = "https://www.aclweb.org/anthology/2020.emnlp-main.374",
    pages = "4630--4639",
}

@inproceedings{bert-score,
  title={BERTScore: Evaluating Text Generation with BERT},
  author={Tianyi Zhang* and Varsha Kishore* and Felix Wu* and Kilian Q. Weinberger and Yoav Artzi},
  booktitle={International Conference on Learning Representations},
  year={2020},
  url={https://openreview.net/forum?id=SkeHuCVFDr}
}

@inproceedings{duvsek2020evaluating,
  title={Evaluating Semantic Accuracy of Data-to-Text Generation with Natural Language Inference},
  author={Du{\v{s}}ek, Ond{\v{r}}ej and Kasner, Zden{\v{e}}k},
  booktitle={Proceedings of the 13th International Conference on Natural Language Generation},
  pages={131--137},
  year={2020}
}

@inproceedings{faille2021entity,
  title={Entity-based semantic adequacy for data-to-text generation},
  author={Faille, Juliette and Gatt, Albert and Gardent, Claire},
  booktitle={Findings of the Association for Computational Linguistics: EMNLP 2021},
  pages={1530--1540},
  year={2021}
}

@inproceedings{quishpi2020extracting,
  title={Extracting Annotations from Textual Descriptions of Processes},
  author={Quishpi, Luis and Carmona, Josep and Padr{\'o}, Llu{\'\i}s},
  booktitle={International Conference on Business Process Management},
  pages={184--201},
  year={2020}
}

@inproceedings{ferreira2017semi,
  title={A semi-automatic approach to identify business process elements in natural language texts},
  author={Ferreira, Renato C{\'e}sar Borges and Thom, Lucin{\'e}ia Heloisa and Fantinato, Marcelo},
  booktitle={International Conference on Enterprise Information Systems},
  volume={2},
  pages={250--261},
  year={2017},
  organization={SCITEPRESS}
}

@article{chen2016neural,
  title={Neural sentence ordering},
  author={Chen, Xinchi and Qiu, Xipeng and Huang, Xuanjing},
  journal={arXiv preprint arXiv:1607.06952},
  year={2016}
}

@inproceedings{calizzano2021ordering,
  title={Ordering sentences and paragraphs with pre-trained encoder-decoder transformers and pointer ensembles},
  author={Calizzano, R{\'e}mi and Ostendorff, Malte and Rehm, Georg},
  booktitle={Proceedings of the 21st ACM Symposium on Document Engineering},
  pages={1--9},
  year={2021}
}

@inproceedings{elmanaseer2023proposed,
  title={A Proposed Technique for Business Process Modeling Diagram Using Natural Language Processing},
  author={Elmanaseer, Shorouq and Alkhatib, Ahmad AA and Albustanji, Rand N},
  booktitle={2023 International Conference on Information Technology (ICIT)},
  pages={572--576},
  year={2023},
  organization={IEEE}
}

@article{shrout1979intraclass,
  title={Intraclass correlations: uses in assessing rater reliability.},
  author={Shrout, Patrick E and Fleiss, Joseph L},
  journal={Psychological bulletin},
  volume={86},
  number={2},
  pages={420},
  year={1979},
  publisher={American Psychological Association}
}

@article{koo2016guideline,
  title={A guideline of selecting and reporting intraclass correlation coefficients for reliability research},
  author={Koo, Terry K and Li, Mae Y},
  journal={Journal of chiropractic medicine},
  volume={15},
  number={2},
  pages={155--163},
  year={2016},
  publisher={Elsevier}
}

@article{zhang2023survey,
  title={A survey of controllable text generation using transformer-based pre-trained language models},
  author={Zhang, Hanqing and Song, Haolin and Li, Shaoyu and Zhou, Ming and Song, Dawei},
  journal={ACM Computing Surveys},
  volume={56},
  number={3},
  pages={1--37},
  year={2023},
  publisher={ACM New York, NY}
}

@article{gao2023easy,
  title={Easy-to-Hard Learning for Information Extraction},
  author={Gao, Chang and Zhang, Wenxuan and Lam, Wai and Bing, Lidong},
  journal={arXiv preprint arXiv:2305.09193},
  year={2023}
}

@article{iyandacomparative,
  title={A Comparative Analysis of Breadth First Search (BFS) and Depth First Search (DFS) Algorithms},
  author={Iyanda, Joseph}
}

@article{10.1016/0004-3702(85)90084-0,
author = {Korf, Richard E.},
title = {Depth-first iterative-deepening: an optimal admissible tree search},
year = {1985},
issue_date = {Sept. 1985},
publisher = {Elsevier Science Publishers Ltd.},
address = {GBR},
volume = {27},
number = {1},
issn = {0004-3702},
url = {https://doi.org/10.1016/0004-3702(85)90084-0},
doi = {10.1016/0004-3702(85)90084-0},
journal = {Artif. Intell.},
month = {sep},
pages = {97–109},
numpages = {13}
}

@misc{gansner2006drawing,
  title={Drawing graphs with dot},
  author={Gansner, Emden and Koutsofios, Eleftherios and North, Stephen},
  year={2006},
  publisher={Technical report, AT\&T Research. URL http://www. graphviz. org/Documentation~…}
}

@article{chung2022scaling,
  title={Scaling instruction-finetuned language models},
  author={Chung, Hyung Won and Hou, Le and Longpre, Shayne and Zoph, Barret and Tay, Yi and Fedus, William and Li, Yunxuan and Wang, Xuezhi and Dehghani, Mostafa and Brahma, Siddhartha and others},
  journal={arXiv preprint arXiv:2210.11416},
  year={2022}
}

@article{touvron2023llama,
  title={Llama 2: Open foundation and fine-tuned chat models},
  author={Touvron, Hugo and Martin, Louis and Stone, Kevin and Albert, Peter and Almahairi, Amjad and Babaei, Yasmine and Bashlykov, Nikolay and Batra, Soumya and Bhargava, Prajjwal and Bhosale, Shruti and others},
  journal={arXiv preprint arXiv:2307.09288},
  year={2023}
}

@article{ouyang2022training,
  title={Training language models to follow instructions with human feedback},
  author={Ouyang, Long and Wu, Jeffrey and Jiang, Xu and Almeida, Diogo and Wainwright, Carroll and Mishkin, Pamela and Zhang, Chong and Agarwal, Sandhini and Slama, Katarina and Ray, Alex and others},
  journal={Advances in Neural Information Processing Systems},
  volume={35},
  pages={27730--27744},
  year={2022}
}

@article{achiam2023gpt,
  title={GPT-4 Technical Report},
  author={Achiam, Josh and Adler, Steven and Agarwal, Sandhini and Ahmad, Lama and Akkaya, Ilge and Aleman, Florencia Leoni and Almeida, Diogo and Altenschmidt, Janko and Altman, Sam and Anadkat, Shyamal and others},
  journal={arXiv preprint arXiv:2303.08774},
  year={2023}
}

@article{raschka2018model,
  title={Model evaluation, model selection, and algorithm selection in machine learning},
  author={Raschka, Sebastian},
  journal={arXiv preprint arXiv:1811.12808},
  year={2018}
}

@article{hu2021lora,
  title={Lora: Low-rank adaptation of large language models},
  author={Hu, Edward J and Shen, Yelong and Wallis, Phillip and Allen-Zhu, Zeyuan and Li, Yuanzhi and Wang, Shean and Wang, Lu and Chen, Weizhu},
  journal={arXiv preprint arXiv:2106.09685},
  year={2021}
}

@article{evans2003two,
  title={In two minds: dual-process accounts of reasoning},
  author={Evans, Jonathan St BT},
  journal={Trends in cognitive sciences},
  volume={7},
  number={10},
  pages={454--459},
  year={2003},
  publisher={Elsevier}
}

@inproceedings{ren2023constructing,
  title={Constructing Procedural Graphs with Multiple Dependency Relations: A New Dataset and Baseline},
  author={Ren, Haopeng and Zeng, Yushi and Cai, Yi and Zhou, Bihan and Lian, Zetao},
  booktitle={Findings of the Association for Computational Linguistics: ACL 2023},
  pages={8474--8486},
  year={2023}
}

@article{wei2022chain,
  title={Chain-of-thought prompting elicits reasoning in large language models},
  author={Wei, Jason and Wang, Xuezhi and Schuurmans, Dale and Bosma, Maarten and Xia, Fei and Chi, Ed and Le, Quoc V and Zhou, Denny and others},
  journal={Advances in Neural Information Processing Systems},
  volume={35},
  pages={24824--24837},
  year={2022}
}

@inproceedings{zhang2023causal,
  title={Causal Reasoning of Entities and Events in Procedural Texts},
  author={Zhang, Li and Xu, Hainiu and Yang, Yue and Zhou, Shuyan and You, Weiqiu and Arora, Manni and Callison-Burch, Chris},
  booktitle={Findings of the Association for Computational Linguistics: EACL 2023},
  pages={415--431},
  year={2023}
}

@inproceedings{kovalchuk2021verifying,
  title={Verifying Plans and Scripts for Robotics Tasks Using Performance Level Profiles},
  author={Kovalchuk, Alexander and Shekhar, Shashank and Brafman, Ronen I},
  booktitle={Proceedings of the International Conference on Automated Planning and Scheduling},
  volume={31},
  pages={673--681},
  year={2021}
}

@article{dong2022survey,
  title={A survey for in-context learning},
  author={Dong, Qingxiu and Li, Lei and Dai, Damai and Zheng, Ce and Wu, Zhiyong and Chang, Baobao and Sun, Xu and Xu, Jingjing and Sui, Zhifang},
  journal={arXiv preprint arXiv:2301.00234},
  year={2022}
}

@inproceedings{pal2021constructing,
  title={Constructing Flow Graphs from Procedural Cybersecurity Texts},
  author={Pal, Kuntal Kumar and Kashihara, Kazuaki and Banerjee, Pratyay and Mishra, Swaroop and Wang, Ruoyu and Baral, Chitta},
  booktitle={Findings of the Association for Computational Linguistics: ACL-IJCNLP 2021},
  pages={3945--3957},
  year={2021}
}

@inproceedings{bellan2020qualitative,
  title={A Qualitative Analysis of the State of the Art in Process Extraction from Text},
  author={Bellan, Patrizio and Dragoni, Mauro and Ghidini, Chiara},
  booktitle={Proceedings of the AIxIA 2020 Discussion Papers Workshop co-located with the the 19th International Conference of the Italian Association for Artificial Intelligence (AIxIA2020), Anywhere, November 27th, 2020},
  volume={2776},
  pages={19--30},
  year={2020},
  organization={CEUR-WS. org}
}

@inproceedings{epure2015automatic,
  title={Automatic process model discovery from textual methodologies},
  author={Epure, Elena Viorica and Mart{\'\i}n-Rodilla, Patricia and Hug, Charlotte and Deneck{\`e}re, Rebecca and Salinesi, Camille},
  booktitle={2015 IEEE 9th International Conference on Research Challenges in Information Science (RCIS)},
  pages={19--30},
  year={2015},
  organization={IEEE}
}

@article{zhao2023survey,
  title={A survey of large language models},
  author={Zhao, Wayne Xin and Zhou, Kun and Li, Junyi and Tang, Tianyi and Wang, Xiaolei and Hou, Yupeng and Min, Yingqian and Zhang, Beichen and Zhang, Junjie and Dong, Zican and others},
  journal={arXiv preprint arXiv:2303.18223},
  year={2023}
}

@article{min2023recent,
  title={Recent advances in natural language processing via large pre-trained language models: A survey},
  author={Min, Bonan and Ross, Hayley and Sulem, Elior and Veyseh, Amir Pouran Ben and Nguyen, Thien Huu and Sainz, Oscar and Agirre, Eneko and Heintz, Ilana and Roth, Dan},
  journal={ACM Computing Surveys},
  volume={56},
  number={2},
  pages={1--40},
  year={2023},
  publisher={ACM New York, NY}
}

@inproceedings{papineni2002bleu,
  title={Bleu: a method for automatic evaluation of machine translation},
  author={Papineni, Kishore and Roukos, Salim and Ward, Todd and Zhu, Wei-Jing},
  booktitle={Proceedings of the 40th annual meeting of the Association for Computational Linguistics},
  pages={311--318},
  year={2002}
}

@article{futrelle1999summarization,
  title={Summarization of diagrams in documents},
  author={Futrelle, Robert P},
  journal={Advances in Automated Text Summarization},
  pages={403--421},
  year={1999},
  publisher={MIT Press Cambridge}
}

@inproceedings{futrelle2004handling,
  title={Handling figures in document summarization},
  author={Futrelle, Robert P},
  booktitle={Text Summarization Branches Out},
  pages={61--65},
  year={2004}
}

@inproceedings{witteveen2019paraphrasing,
  title={Paraphrasing with Large Language Models},
  author={Witteveen, Sam and Andrews, Martin},
  booktitle={Proceedings of the 3rd Workshop on Neural Generation and Translation},
  pages={215--220},
  year={2019}
}

@article{palivela2021optimization,
  title={Optimization of paraphrase generation and identification using language models in natural language processing},
  author={Palivela, Hemant},
  journal={International Journal of Information Management Data Insights},
  volume={1},
  number={2},
  pages={100025},
  year={2021},
  publisher={Elsevier}
}

@article{chui2023chatgpt,
  title={ChatGPT as a Tool for Developing Paraphrasing Skills Among ESL Learners},
  author={Chui, Ho Chui},
  journal={Journal of Creative Practices in Language Learning and Teaching (CPLT)},
  volume={11},
  number={2},
  year={2023}
}

@article{liu2019roberta,
  title={Roberta: A robustly optimized bert pretraining approach},
  author={Liu, Yinhan and Ott, Myle and Goyal, Naman and Du, Jingfei and Joshi, Mandar and Chen, Danqi and Levy, Omer and Lewis, Mike and Zettlemoyer, Luke and Stoyanov, Veselin},
  journal={arXiv preprint arXiv:1907.11692},
  year={2019}
}

@article{miller1979humanistic,
  title={A humanistic rationale for technical writing},
  author={Miller, Carolyn R},
  journal={College English},
  volume={40},
  number={6},
  pages={610--617},
  year={1979},
  publisher={JSTOR}
}

@article{chu2023survey,
  title={A survey of chain of thought reasoning: Advances, frontiers and future},
  author={Chu, Zheng and Chen, Jingchang and Chen, Qianglong and Yu, Weijiang and He, Tao and Wang, Haotian and Peng, Weihua and Liu, Ming and Qin, Bing and Liu, Ting},
  journal={arXiv preprint arXiv:2309.15402},
  year={2023}
}

@misc{von2015business,
  title={Business Process Model and Notation-BPMN.},
  author={von Rosing, Mark and White, Stephen and Cummins, Fred and de Man, Henk},
  year={2015}
}

@article{madaan2023self,
  title={Self-refine: Iterative refinement with self-feedback},
  author={Madaan, Aman and Tandon, Niket and Gupta, Prakhar and Hallinan, Skyler and Gao, Luyu and Wiegreffe, Sarah and Alon, Uri and Dziri, Nouha and Prabhumoye, Shrimai and Yang, Yiming and others},
  journal={arXiv preprint arXiv:2303.17651},
  year={2023}
}

@article{nye2021improving,
  title={Improving coherence and consistency in neural sequence models with dual-system, neuro-symbolic reasoning},
  author={Nye, Maxwell and Tessler, Michael and Tenenbaum, Josh and Lake, Brenden M},
  journal={Advances in Neural Information Processing Systems},
  volume={34},
  pages={25192--25204},
  year={2021}
}

